
@misc{deyle_sick_2008,
	title = {{SICK} Laser Rangefinder {(LIDAR)} Disassembled},
	url = {http://www.hizook.com/blog/2008/12/15/sick-laser-rangefinder-lidar-disassembled},
	journal = {Hizook - The Robotics News Portal},
	author = {Deyle, Travis},
	month = dec,
	year = {2008},
	howpublished = {http://www.hizook.com/blog/2008/12/15/sick-laser-rangefinder-lidar-disassembled}
}